%journal names
%@String{ApJ = {Astrophysical Journal}}
%@String{ApJS = {Astrophysical Journal Supplement}}
%@String{ApJL = {Astrophysical Journal Letters}}
%@String{MNRAS = {Monthly Notices of the Royal Astronomical Society}}
%@String{PASP = {Pubblications of the Astonomical Society of the Pacific}}
%@String{AJ = {Astronomical Journal}}
%@String{AA = {Astronomy and Astrophysics}}
%@String{AAS = {Astronomy and Astrophysics Supplement}}
%@String{ApSS = {Astrophysics and Space Science}}
%@String{VA = {Vistas in Astronomy}}
%@String{JRASC = {Journal of the Royal Astronomical Society of Canada}}
%@String{BAAS = {Bulletin of the American Astronical Society}}
% alternate journal names
%@String{ApJ = {ApJ}}
%@String{ApJS = {ApJS}}
%@String{ApJL = {ApJL}}
%@String{MNRAS = {MNRAS}}
%@String{PASP = {PASP}}
%@String{AJ = {AJ}}
%@String{AA = {A{\&}A}}
%@String{AAS = {A{\&}AS}}
%@String{ApSS = {ApSS}}
%@String{VA = {Vistas in Astron.}}
%@String{JRASC = {JRASC}}
%@String{BAAS = {BAAS}}
%@String{ARAA = {ARA{\&}A}}

@ARTICLE{altayEt08,
   author = {{Altay}, G. and {Croft}, R.~A.~C. and {Pelupessy}, I.},
    title = "{SPHRAY: a smoothed particle hydrodynamics ray tracer for radiative transfer}",
  journal = {\mnras},
archivePrefix = "arXiv",
   eprint = {0802.3698},
 keywords = {radiative transfer , methods: numerical , cosmology: theory},
     year = 2008,
    month = jun,
   volume = 386,
    pages = {1931-1946},
      doi = {10.1111/j.1365-2966.2008.13212.x},
   adsurl = {http://adsabs.harvard.edu/abs/2008MNRAS.386.1931A},
  adsnote = {Provided by the SAO/NASA Astrophysics Data System}
}


@ARTICLE{barnesHut86,
   author = {{Barnes}, J. and {Hut}, P.},
    title = "{A hierarchical O(N log N) force-calculation algorithm}",
  journal = {\nat},
 keywords = {Computational Astrophysics, Many Body Problem, Numerical Integration, Stellar Motions, Algorithms, Hierarchies},
     year = 1986,
    month = dec,
   volume = 324,
    pages = {446-449},
      doi = {10.1038/324446a0},
   adsurl = {http://adsabs.harvard.edu/abs/1986Natur.324..446B},
  adsnote = {Provided by the SAO/NASA Astrophysics Data System}
}

@ARTICLE{gnedinAbel01,
   author = {{Gnedin}, N.~Y. and {Abel}, T.},
    title = "{Multi-dimensional cosmological radiative transfer with a Variable Eddington Tensor formalism}",
  journal = {\na},
   eprint = {astro-ph/0106278},
     year = 2001,
    month = oct,
   volume = 6,
    pages = {437-455},
      doi = {10.1016/S1384-1076(01)00068-9},
   adsurl = {http://adsabs.harvard.edu/abs/2001NewA....6..437G},
  adsnote = {Provided by the SAO/NASA Astrophysics Data System}
}

@ARTICLE{kannanEt14,
   author = {{Kannan}, R. and {Stinson}, G.~S. and {Macci{\`o}}, A.~V. and 
	{Hennawi}, J.~F. and {Woods}, R. and {Wadsley}, J. and {Shen}, S. and 
	{Robitaille}, T. and {Cantalupo}, S. and {Quinn}, T.~R. and 
	{Christensen}, C.},
    title = "{Galaxy formation with local photoionization feedback - I. Methods}",
  journal = {\mnras},
archivePrefix = "arXiv",
   eprint = {1310.6748},
 primaryClass = "astro-ph.GA",
 keywords = {atomic processes, hydrodynamics, plasmas, radiative transfer, methods: numerical, galaxies: formation},
     year = 2014,
    month = jan,
   volume = 437,
    pages = {2882-2893},
      doi = {10.1093/mnras/stt2098},
   adsurl = {http://adsabs.harvard.edu/abs/2014MNRAS.437.2882K},
  adsnote = {Provided by the SAO/NASA Astrophysics Data System}
}

@ARTICLE{petkovaSpringel09,
   author = {{Petkova}, M. and {Springel}, V.},
    title = "{An implementation of radiative transfer in the cosmological simulation code GADGET}",
  journal = {\mnras},
archivePrefix = "arXiv",
   eprint = {0812.1801},
 keywords = {radiative transfer , methods: numerical},
     year = 2009,
    month = jul,
   volume = 396,
    pages = {1383-1403},
      doi = {10.1111/j.1365-2966.2009.14843.x},
   adsurl = {http://adsabs.harvard.edu/abs/2009MNRAS.396.1383P},
  adsnote = {Provided by the SAO/NASA Astrophysics Data System}
}

