%journal names
%@String{ApJ = {Astrophysical Journal}}
%@String{ApJS = {Astrophysical Journal Supplement}}
%@String{ApJL = {Astrophysical Journal Letters}}
%@String{MNRAS = {Monthly Notices of the Royal Astronomical Society}}
%@String{PASP = {Pubblications of the Astonomical Society of the Pacific}}
%@String{AJ = {Astronomical Journal}}
%@String{AA = {Astronomy and Astrophysics}}
%@String{AAS = {Astronomy and Astrophysics Supplement}}
%@String{ApSS = {Astrophysics and Space Science}}
%@String{VA = {Vistas in Astronomy}}
%@String{JRASC = {Journal of the Royal Astronomical Society of Canada}}
%@String{BAAS = {Bulletin of the American Astronical Society}}
% alternate journal names
%@String{ApJ = {ApJ}}
%@String{ApJS = {ApJS}}
%@String{ApJL = {ApJL}}
%@String{MNRAS = {MNRAS}}
%@String{PASP = {PASP}}
%@String{AJ = {AJ}}
%@String{AA = {A{\&}A}}
%@String{AAS = {A{\&}AS}}
%@String{ApSS = {ApSS}}
%@String{VA = {Vistas in Astron.}}
%@String{JRASC = {JRASC}}
%@String{BAAS = {BAAS}}
%@String{ARAA = {ARA{\&}A}}

@ARTICLE{abbottLucy85,
   author = {{Abbott}, D.~C. and {Lucy}, L.~B.},
    title = "{Multiline transfer and the dynamics of stellar winds}",
  journal = {\apj},
 keywords = {Computational Astrophysics, Early Stars, Radiative Transfer, Stellar Spectra, Stellar Winds, Atomic Energy Levels, Line Spectra, Monte Carlo Method, Particle Acceleration, Stellar Mass Ejection, Ultraviolet Spectra},
     year = 1985,
    month = jan,
   volume = 288,
    pages = {679-693},
      doi = {10.1086/162834},
   adsurl = {http://adsabs.harvard.edu/abs/1985ApJ...288..679A},
  adsnote = {Provided by the SAO/NASA Astrophysics Data System}
}

@ARTICLE{altayCroftPelupessy08,
   author = {{Altay}, G. and {Croft}, R.~A.~C. and {Pelupessy}, I.},
    title = "{SPHRAY: a smoothed particle hydrodynamics ray tracer for radiative transfer}",
  journal = {\mnras},
archivePrefix = "arXiv",
   eprint = {0802.3698},
 keywords = {radiative transfer , methods: numerical , cosmology: theory},
     year = 2008,
    month = jun,
   volume = 386,
    pages = {1931-1946},
      doi = {10.1111/j.1365-2966.2008.13212.x},
   adsurl = {http://adsabs.harvard.edu/abs/2008MNRAS.386.1931A},
  adsnote = {Provided by the SAO/NASA Astrophysics Data System}
}


@ARTICLE{barnesHut86,
   author = {{Barnes}, J. and {Hut}, P.},
    title = "{A hierarchical O(N log N) force-calculation algorithm}",
  journal = {\nat},
 keywords = {Computational Astrophysics, Many Body Problem, Numerical Integration, Stellar Motions, Algorithms, Hierarchies},
     year = 1986,
    month = dec,
   volume = 324,
    pages = {446-449},
      doi = {10.1038/324446a0},
   adsurl = {http://adsabs.harvard.edu/abs/1986Natur.324..446B},
  adsnote = {Provided by the SAO/NASA Astrophysics Data System}
}

@ARTICLE{cantalupoPorciani11,
   author = {{Cantalupo}, S. and {Porciani}, C.},
    title = "{RADAMESH: cosmological radiative transfer for Adaptive Mesh Refinement simulations}",
  journal = {\mnras},
archivePrefix = "arXiv",
   eprint = {1009.1625},
 primaryClass = "astro-ph.CO",
 keywords = {radiative transfer, methods: numerical, H II regions, intergalactic medium, cosmology: theory, diffuse radiation},
     year = 2011,
    month = mar,
   volume = 411,
    pages = {1678-1694},
      doi = {10.1111/j.1365-2966.2010.17799.x},
   adsurl = {http://adsabs.harvard.edu/abs/2011MNRAS.411.1678C},
  adsnote = {Provided by the SAO/NASA Astrophysics Data System}
}

@ARTICLE{cen92,
   author = {{Cen}, R.},
    title = "{A hydrodynamic approach to cosmology - Methodology}",
  journal = {\apjs},
 keywords = {Computational Astrophysics, Cosmology, Hydrodynamic Equations, Dark Matter, Helium, Hydrogen, Photoionization, Recombination Coefficient},
     year = 1992,
    month = feb,
   volume = 78,
    pages = {341-364},
      doi = {10.1086/191630},
   adsurl = {http://adsabs.harvard.edu/abs/1992ApJS...78..341C},
  adsnote = {Provided by the SAO/NASA Astrophysics Data System}
}

@MISC{dullemond12,
   author = {{Dullemond}, C.~P.},
    title = "{RADMC-3D: A multi-purpose radiative transfer tool}",
howpublished = {Astrophysics Source Code Library},
     year = 2012,
    month = feb,
archivePrefix = "ascl",
   eprint = {1202.015},
   adsurl = {http://adsabs.harvard.edu/abs/2012ascl.soft02015D},
  adsnote = {Provided by the SAO/NASA Astrophysics Data System}
}

@ARTICLE{ercolanoEt2005,
   author = {{Ercolano}, B. and {Barlow}, M.~J. and {Storey}, P.~J.},
    title = "{The dusty MOCASSIN: fully self-consistent 3D photoionization and dust radiative transfer models}",
  journal = {\mnras},
   eprint = {astro-ph/0507050},
 keywords = {radiative transfer, dust, extinction, HII regions, planetary nebulae: general},
     year = 2005,
    month = sep,
   volume = 362,
    pages = {1038-1046},
      doi = {10.1111/j.1365-2966.2005.09381.x},
   adsurl = {http://adsabs.harvard.edu/abs/2005MNRAS.362.1038E},
  adsnote = {Provided by the SAO/NASA Astrophysics Data System}
}

@ARTICLE{ercolanoEt03,
   author = {{Ercolano}, B. and {Barlow}, M.~J. and {Storey}, P.~J. and {Liu}, X.-W.
	},
    title = "{MOCASSIN: a fully three-dimensional Monte Carlo photoionization code}",
  journal = {\mnras},
   eprint = {astro-ph/0209378},
 keywords = {atomic processes, ISM: abundances, H II regions, planetary nebulae: general},
     year = 2003,
    month = apr,
   volume = 340,
    pages = {1136-1152},
      doi = {10.1046/j.1365-8711.2003.06371.x},
   adsurl = {http://adsabs.harvard.edu/abs/2003MNRAS.340.1136E},
  adsnote = {Provided by the SAO/NASA Astrophysics Data System}
}


@ARTICLE{gendelevKrumholz12,
   author = {{Gendelev}, L. and {Krumholz}, M.~R.},
    title = "{Evolution of Blister-type H II Regions in a Magnetized Medium}",
  journal = {\apj},
archivePrefix = "arXiv",
   eprint = {1110.4645},
 keywords = {H II regions, ISM: clouds, ISM: kinematics and dynamics, ISM: magnetic fields, magnetohydrodynamics: MHD, radiative transfer, stars: formation},
     year = 2012,
    month = feb,
   volume = 745,
      eid = {158},
    pages = {158},
      doi = {10.1088/0004-637X/745/2/158},
   adsurl = {http://adsabs.harvard.edu/abs/2012ApJ...745..158G},
  adsnote = {Provided by the SAO/NASA Astrophysics Data System}
}

@ARTICLE{gnedinAbel01,
   author = {{Gnedin}, N.~Y. and {Abel}, T.},
    title = "{Multi-dimensional cosmological radiative transfer with a Variable Eddington Tensor formalism}",
  journal = {\na},
   eprint = {astro-ph/0106278},
     year = 2001,
    month = oct,
   volume = 6,
    pages = {437-455},
      doi = {10.1016/S1384-1076(01)00068-9},
   adsurl = {http://adsabs.harvard.edu/abs/2001NewA....6..437G},
  adsnote = {Provided by the SAO/NASA Astrophysics Data System}
}

@ARTICLE{harriesHowarth97,
   author = {{Harries}, T.~J. and {Howarth}, I.~D.},
    title = "{Raman scattering in symbiotic stars. II. Numerical models}",
  journal = {\aaps},
 keywords = {STARS: BINARIES: SYMBIOTIC, STARS: MASS-LOSS, POLARIZATION},
     year = 1997,
    month = jan,
   volume = 121,
    pages = {15-44},
      doi = {10.1051/aas:1997110},
   adsurl = {http://adsabs.harvard.edu/abs/1997A%26AS..121...15H},
  adsnote = {Provided by the SAO/NASA Astrophysics Data System}
}

@ARTICLE{ilievEt06,
   author = {{Iliev}, I.~T. and {Ciardi}, B. and {Alvarez}, M.~A. and {Maselli}, A. and 
	{Ferrara}, A. and {Gnedin}, N.~Y. and {Mellema}, G. and {Nakamoto}, T. and 
	{Norman}, M.~L. and {Razoumov}, A.~O. and {Rijkhorst}, E.-J. and 
	{Ritzerveld}, J. and {Shapiro}, P.~R. and {Susa}, H. and {Umemura}, M. and 
	{Whalen}, D.~J.},
    title = "{Cosmological radiative transfer codes comparison project - I. The static density field tests}",
  journal = {\mnras},
   eprint = {astro-ph/0603199},
 keywords = {radiative transfer: ISM: bubbles: HII regions: galaxies: formation: intergalactic medium: cosmology: theory, radiative transfer, ISM: bubbles, HII regions, galaxies: formation, intergalactic medium, cosmology: theory},
     year = 2006,
    month = sep,
   volume = 371,
    pages = {1057-1086},
      doi = {10.1111/j.1365-2966.2006.10775.x},
   adsurl = {http://adsabs.harvard.edu/abs/2006MNRAS.371.1057I},
  adsnote = {Provided by the SAO/NASA Astrophysics Data System}
}

@ARTICLE{ilievEt09,
   author = {{Iliev}, I.~T. and {Whalen}, D. and {Mellema}, G. and {Ahn}, K. and 
	{Baek}, S. and {Gnedin}, N.~Y. and {Kravtsov}, A.~V. and {Norman}, M. and 
	{Raicevic}, M. and {Reynolds}, D.~R. and {Sato}, D. and {Shapiro}, P.~R. and 
	{Semelin}, B. and {Smidt}, J. and {Susa}, H. and {Theuns}, T. and 
	{Umemura}, M.},
    title = "{Cosmological radiative transfer comparison project - II. The radiation-hydrodynamic tests}",
  journal = {\mnras},
archivePrefix = "arXiv",
   eprint = {0905.2920},
 keywords = {radiative transfer , methods: numerical , HII regions , galaxies: high-redshift , intergalactic medium , cosmology: theory},
     year = 2009,
    month = dec,
   volume = 400,
    pages = {1283-1316},
      doi = {10.1111/j.1365-2966.2009.15558.x},
   adsurl = {http://adsabs.harvard.edu/abs/2009MNRAS.400.1283I},
  adsnote = {Provided by the SAO/NASA Astrophysics Data System}
}

@ARTICLE{jonsson06,
   author = {{Jonsson}, P.},
    title = "{SUNRISE: polychromatic dust radiative transfer in arbitrary geometries}",
  journal = {\mnras},
   eprint = {astro-ph/0604118},
 keywords = {radiative transfer: methods: numerical: dust, extinction, radiative transfer, methods: numerical, dust},
     year = 2006,
    month = oct,
   volume = 372,
    pages = {2-20},
      doi = {10.1111/j.1365-2966.2006.10884.x},
   adsurl = {http://adsabs.harvard.edu/abs/2006MNRAS.372....2J},
  adsnote = {Provided by the SAO/NASA Astrophysics Data System}
}

@ARTICLE{kannanEt14,
   author = {{Kannan}, R. and {Stinson}, G.~S. and {Macci{\`o}}, A.~V. and 
	{Hennawi}, J.~F. and {Woods}, R. and {Wadsley}, J. and {Shen}, S. and 
	{Robitaille}, T. and {Cantalupo}, S. and {Quinn}, T.~R. and 
	{Christensen}, C.},
    title = "{Galaxy formation with local photoionization feedback - I. Methods}",
  journal = {\mnras},
archivePrefix = "arXiv",
   eprint = {1310.6748},
 primaryClass = "astro-ph.GA",
 keywords = {atomic processes, hydrodynamics, plasmas, radiative transfer, methods: numerical, galaxies: formation},
     year = 2014,
    month = jan,
   volume = 437,
    pages = {2882-2893},
      doi = {10.1093/mnras/stt2098},
   adsurl = {http://adsabs.harvard.edu/abs/2014MNRAS.437.2882K},
  adsnote = {Provided by the SAO/NASA Astrophysics Data System}
}

@ARTICLE{lucy99,
   author = {{Lucy}, L.~B.},
    title = "{Computing radiative equilibria with Monte Carlo techniques}",
  journal = {\aap},
 keywords = {RADIATIVE TRANSFER, METHODS: NUMERICAL, STARS: ATMOSPHERES},
     year = 1999,
    month = apr,
   volume = 344,
    pages = {282-288},
   adsurl = {http://adsabs.harvard.edu/abs/1999A%26A...344..282L},
  adsnote = {Provided by the SAO/NASA Astrophysics Data System}
}

@BOOK{mihalasMihalas84,
   author = {{Mihalas}, D. and {Mihalas}, B.~W.},
    title = "{Foundations of radiation hydrodynamics}",
 keywords = {Astrophysics, Compressible Fluids, Gas Dynamics, Hydrodynamic Equations, Radiation Laws, Radiative Heat Transfer, Equations Of Motion, Gravitational Waves, Ideal Fluids, Kinematics, Radiation Distribution, Relativity, Shock Waves, Sound Waves, Statistical Mechanics, Tensor Analysis, Thermal Radiation, Thermodynamics, Viscous Fluids, Wind (Meteorology)},
booktitle = {New York, Oxford University Press, 1984, 731 p.},
     year = 1984,
   adsurl = {http://adsabs.harvard.edu/abs/1984oup..book.....M},
  adsnote = {Provided by the SAO/NASA Astrophysics Data System}
}

@ARTICLE{nenkovaEt99,
   author = {{Nenkova}, M. and {Ivezic}, Z. and {Elitzur}, M.},
    title = "{DUSTY: A Publicly Available Code for Continuum Radiative Transfer in Astrophysical Environments}",
  journal = {LPI Contributions},
     year = 1999,
   volume = 969,
    pages = {20},
   adsurl = {http://adsabs.harvard.edu/abs/1999LPICo.969...20N},
  adsnote = {Provided by the SAO/NASA Astrophysics Data System}
}

@ARTICLE{ochEt98,
   author = {{Och}, S.~R. and {Lucy}, L.~B. and {Rosa}, M.~R.},
    title = "{Diffuse radiation in models of photoionized nebulae}",
  journal = {\aap},
 keywords = {ISM: H II REGIONS, RADIATIVE TRANSFER, ATOMIC PROCESSES, METHODS: NUMERICAL},
     year = 1998,
    month = aug,
   volume = 336,
    pages = {301-308},
   adsurl = {http://adsabs.harvard.edu/abs/1998A%26A...336..301O},
  adsnote = {Provided by the SAO/NASA Astrophysics Data System}
}

@BOOK{osterbrockFerland2006,
   author = {{Osterbrock}, D.~E. and {Ferland}, G.~J.},
    title = "{Astrophysics of gaseous nebulae and active galactic nuclei}",
 keywords = {GASEOUS NEBULAE, PHOTOIONIZATION, THERMAL EQUILIBRIUM, EMISSION SPECTRA, INTERSTELLAR DUST, H II REGIONS, PLANETARY NEBULAE, SUPERNOVA REMNANTS, ACTIVE GALACTIC NUCLEI},
booktitle = {Astrophysics of gaseous nebulae and active galactic nuclei, 2nd.~ed.~by D.E.~Osterbrock and G.J.~Ferland.~Sausalito, CA: University Science Books, 2006},
     year = 2006,
   adsurl = {http://adsabs.harvard.edu/abs/2006agna.book.....O},
  adsnote = {Provided by the SAO/NASA Astrophysics Data System}
}

@ARTICLE{petkovaSpringel09,
   author = {{Petkova}, M. and {Springel}, V.},
    title = "{An implementation of radiative transfer in the cosmological simulation code GADGET}",
  journal = {\mnras},
archivePrefix = "arXiv",
   eprint = {0812.1801},
 keywords = {radiative transfer , methods: numerical},
     year = 2009,
    month = jul,
   volume = 396,
    pages = {1383-1403},
      doi = {10.1111/j.1365-2966.2009.14843.x},
   adsurl = {http://adsabs.harvard.edu/abs/2009MNRAS.396.1383P},
  adsnote = {Provided by the SAO/NASA Astrophysics Data System}
}

@ARTICLE{pinteEt06,
   author = {{Pinte}, C. and {M{\'e}nard}, F. and {Duch{\^e}ne}, G. and {Bastien}, P.
	},
    title = "{Monte Carlo radiative transfer in protoplanetary disks}",
  journal = {\aap},
   eprint = {astro-ph/0606550},
 keywords = {radiative transfer, stars: circumstellar matter, methods : numerical, polarization, scattering},
     year = 2006,
    month = dec,
   volume = 459,
    pages = {797-804},
      doi = {10.1051/0004-6361:20053275},
   adsurl = {http://adsabs.harvard.edu/abs/2006A%26A...459..797P},
  adsnote = {Provided by the SAO/NASA Astrophysics Data System}
}

@ARTICLE{rijkhorstEt2006,
   author = {{Rijkhorst}, E.-J. and {Plewa}, T. and {Dubey}, A. and {Mellema}, G.
	},
    title = "{Hybrid characteristics: 3D radiative transfer for parallel adaptive mesh refinement hydrodynamics}",
  journal = {\aap},
   eprint = {astro-ph/0505213},
 keywords = {radiative transfer, hydrodynamics, ISM: HII regions, planetary nebulae: general},
     year = 2006,
    month = jun,
   volume = 452,
    pages = {907-920},
      doi = {10.1051/0004-6361:20053401},
   adsurl = {http://adsabs.harvard.edu/abs/2006A%26A...452..907R},
  adsnote = {Provided by the SAO/NASA Astrophysics Data System}
}

@BOOK{rybickiLightman86,
   author = {{Rybicki}, G.~B. and {Lightman}, A.~P.},
    title = "{Radiative Processes in Astrophysics}",
booktitle = {Radiative Processes in Astrophysics, by George B.~Rybicki, Alan P.~Lightman, pp.~400.~ISBN 0-471-82759-2.~Wiley-VCH , June 1986.},
     year = 1986,
    month = jun,
   adsurl = {http://adsabs.harvard.edu/abs/1986rpa..book.....R},
  adsnote = {Provided by the SAO/NASA Astrophysics Data System}
}


@ARTICLE{skinnerOstriker13,
   author = {{Skinner}, M.~A. and {Ostriker}, E.~C.},
    title = "{A Two-moment Radiation Hydrodynamics Module in Athena Using a Time-explicit Godunov Method}",
  journal = {\apjs},
archivePrefix = "arXiv",
   eprint = {1306.0010},
 primaryClass = "astro-ph.IM",
 keywords = {methods: numerical, radiative transfer },
     year = 2013,
    month = jun,
   volume = 206,
      eid = {21},
    pages = {21},
      doi = {10.1088/0067-0049/206/2/21},
   adsurl = {http://adsabs.harvard.edu/abs/2013ApJS..206...21S},
  adsnote = {Provided by the SAO/NASA Astrophysics Data System}
}

@BOOK{spitzer78,
   author = {{Spitzer}, L.},
    title = "{Physical processes in the interstellar medium}",
 keywords = {Astrophysics, Interstellar Chemistry, Interstellar Matter, Dissociation, Excitation, Gravitational Effects, H Ii Regions, Ionization, Optical Properties, Polarized Electromagnetic Radiation, Radiative Transfer, Shock Waves, Thermodynamic Equilibrium},
booktitle = {New York Wiley-Interscience, 1978.~333 p.},
     year = 1978,
   adsurl = {http://adsabs.harvard.edu/abs/1978ppim.book.....S},
  adsnote = {Provided by the SAO/NASA Astrophysics Data System}
}

@ARTICLE{turnerStone01,
   author = {{Turner}, N.~J. and {Stone}, J.~M.},
    title = "{A Module for Radiation Hydrodynamic Calculations with ZEUS-2D Using Flux-limited Diffusion}",
  journal = {\apjs},
   eprint = {astro-ph/0102145},
 keywords = {Hydrodynamics, Methods: Numerical, Radiative Transfer},
     year = 2001,
    month = jul,
   volume = 135,
    pages = {95-107},
      doi = {10.1086/321779},
   adsurl = {http://adsabs.harvard.edu/abs/2001ApJS..135...95T},
  adsnote = {Provided by the SAO/NASA Astrophysics Data System}
}

@ARTICLE{stromgren39,
   author = {{Str{\"o}mgren}, B.},
    title = "{The Physical State of Interstellar Hydrogen.}",
  journal = {\apj},
     year = 1939,
    month = may,
   volume = 89,
    pages = {526},
      doi = {10.1086/144074},
   adsurl = {http://adsabs.harvard.edu/abs/1939ApJ....89..526S},
  adsnote = {Provided by the SAO/NASA Astrophysics Data System}
}

@ARTICLE{turnerStone01,
   author = {{Turner}, N.~J. and {Stone}, J.~M.},
    title = "{A Module for Radiation Hydrodynamic Calculations with ZEUS-2D Using Flux-limited Diffusion}",
  journal = {\apjs},
   eprint = {astro-ph/0102145},
 keywords = {Hydrodynamics, Methods: Numerical, Radiative Transfer},
     year = 2001,
    month = jul,
   volume = 135,
    pages = {95-107},
      doi = {10.1086/321779},
   adsurl = {http://adsabs.harvard.edu/abs/2001ApJS..135...95T},
  adsnote = {Provided by the SAO/NASA Astrophysics Data System}
}

@ARTICLE{wolf03,
   author = {{Wolf}, S.},
    title = "{MC3D-3D continuum radiative transfer, Version 2}",
  journal = {Computer Physics Communications},
   eprint = {astro-ph/0207374},
     year = 2003,
    month = feb,
   volume = 150,
    pages = {99-115},
      doi = {10.1016/S0010-4655(02)00675-6},
   adsurl = {http://adsabs.harvard.edu/abs/2003CoPhC.150...99W},
  adsnote = {Provided by the SAO/NASA Astrophysics Data System}
}

@ARTICLE{woodEt2004,
   author = {{Wood}, K. and {Mathis}, J.~S. and {Ercolano}, B.},
    title = "{A three-dimensional Monte Carlo photoionization code for modelling diffuse ionized gas}",
  journal = {\mnras},
   eprint = {astro-ph/0311584},
 keywords = {radiative transfer, HII regions},
     year = 2004,
    month = mar,
   volume = 348,
    pages = {1337-1347},
      doi = {10.1111/j.1365-2966.2004.07458.x},
   adsurl = {http://adsabs.harvard.edu/abs/2004MNRAS.348.1337W},
  adsnote = {Provided by the SAO/NASA Astrophysics Data System}
}

